/home/cedria87/ansorge.bib