@article{abkar2015influence,
  title={Influence of atmospheric stability on wind-turbine wakes: A large-eddy simulation study},
  author={Abkar, Mahdi and Port{\'e}-Agel, Fernando},
  journal={Phys Fluids},
  volume={27},
  number={3},
  pages={035104},
  year={2015},
  publisher={AIP Publishing}
}
@article{andren1994large,
  title={Large-eddy simulation of a neutrally stratified boundary layer: A comparison of four computer codes},
  author={Andren, A and Brown, AR and Mason, PJ and Graf, J and Schumann, U and Moeng, C-H and Nieuwstadt, FTM},
  journal={Q J R Meteorol Soc},
  volume={120},
  number={520},
  pages={1457--1484},
  year={1994},
  publisher={Wiley Online Library}
}
@article{ansorge2014global,
  title={Global intermittency and collapsing turbulence in the stratified planetary boundary layer},
  author={Ansorge, Cedrick and Mellado, Juan Pedro},
  journal={Boundary-Layer Meteorology},
  volume={153},
  number={1},
  pages={89--116},
  year={2014},
  publisher={Springer}
}
@article{bae2018turbulence,
  title={Turbulence intensities in large-eddy simulation of wall-bounded flows},
  author={Bae, Hyunji Jane and Lozano-Duran, Adrian and Bose, ST and Moin, Parviz},
  journal={Phys Rev Fluids},
  volume={3},
  number={1},
  pages={014610},
  year={2018},
  publisher={APS}
}
@article{banerjee2013logarithmic,
  title={Logarithmic scaling in the longitudinal velocity variance explained by a spectral budget},
  author={Banerjee, T and Katul, GG},
  journal={Phys Fluids},
  volume={25},
  number={12},
  pages={125106},
  year={2013},
  publisher={AIP}
}
@article{basu2006large,
  title={Large-eddy simulation of stably stratified atmospheric boundary layer turbulence: a scale-dependent dynamic modeling approach},
  author={Basu, Sukanta and Port{\'e}-Agel, Fernando},
  journal={J Atmos Sci},
  volume={63},
  number={8},
  pages={2074--2091},
  year={2006}
}
@article{beare2004resolution,
  title={Resolution sensitivity and scaling of large-eddy simulations of the stable boundary layer},
  author={Beare, Robert J and Macvean, Malcolm K},
  journal={Boundary-Layer Meteorol},
  volume={112},
  number={2},
  pages={257--281},
  year={2004},
  publisher={Springer}
}
@article{beare2006intercomparison,
  title={An intercomparison of large-eddy simulations of the stable boundary layer},
  author={Beare, Robert J and Macvean, Malcolm K and Holtslag, Albert AM and Cuxart, Joan and Esau, Igor and Golaz, Jean-Christophe and Jimenez, Maria A and Khairoutdinov, Marat and Kosovic, Branko and Lewellen, David and others},
  journal={Boundary-Layer Meteorol},
  volume={118},
  number={2},
  pages={247--272},
  year={2006},
  publisher={Springer}
}
@article{bou2004large,
  title={Large-eddy simulation of neutral atmospheric boundary layer flow over heterogeneous surfaces: Blending height and effective surface roughness},
  author={Bou-Zeid, Elie and Meneveau, Charles and Parlange, Marc B},
  journal={Water Resour Res},
  volume={40},
  number={2},
  year={2004},
  publisher={Wiley Online Library}
}
@article{brasseur2010designing,
  title={Designing large-eddy simulation of the turbulent boundary layer to capture law-of-the-wall scaling},
  author={Brasseur, James G and Wei, Tie},
  journal={Phys Fluids},
  volume={22},
  number={2},
  pages={021303},
  year={2010},
  publisher={AIP}
}
@article{breton2017survey,
  title={A survey of modelling methods for high-fidelity wind farm simulations using large eddy simulation},
  author={Breton, S-P and Sumner, J and S{\o}rensen, Jens N{\o}rk{\ae}r and Hansen, Kurt Schaldemose and Sarmast, Sasan and Ivanell, Stefan},
  journal={Philosophical Transactions of the Royal Society A: Mathematical, Physical and Engineering Sciences},
  volume={375},
  number={2091},
  pages={20160097},
  year={2017},
  publisher={The Royal Society Publishing}
}
@article{calaf2010large,
  title={Large eddy simulation study of fully developed wind-turbine array boundary layers},
  author={Calaf, Marc and Meneveau, Charles and Meyers, Johan},
  journal={Phys Fluids},
  volume={22},
  number={1},
  pages={015110},
  year={2010},
  publisher={AIP}
}
@article{celik2005index,
  title={Index of resolution quality for large eddy simulations},
  author={Celik, IB and Cehreli, ZN and Yavuz, I},
  journal={J Fluids Eng},
  volume={127},
  number={5},
  pages={949--958},
  year={2005},
  publisher={American Society of Mechanical Engineers}
}
@article{celik2006assessment,
  title={Assessment measures for URANS/DES/LES: an overview with applications},
  author={Celik, I and Klein, M and Freitag, M and Janicka, J},
  journal={J Turbul},
  number={7},
  pages={N48},
  year={2006},
  publisher={Taylor \& Francis}
}
@article{celik2009assessment,
  title={Assessment measures for engineering LES applications},
  author={Celik, I and Klein, M and Janicka, J},
  journal={J Fluids Eng},
  volume={131},
  number={3},
  pages={031102},
  year={2009},
  publisher={American Society of Mechanical Engineers}
}
@article{chow2003further,
  title={A further study of numerical errors in large-eddy simulations},
  author={Chow, Fotini Katopodes and Moin, Parviz},
  journal={J Comput Phys},
  volume={184},
  number={2},
  pages={366--380},
  year={2003},
  publisher={Elsevier}
}
@article{chow2005explicit,
  title={Explicit filtering and reconstruction turbulence modeling for large-eddy simulation of neutral boundary layer flow},
  author={Chow, Fotini Katopodes and Street, Robert L and Xue, Ming and Ferziger, Joel H},
  journal={J Atmos Sci},
  volume={62},
  number={7},
  pages={2058--2077},
  year={2005}
}
@article{csanady1967resistance,
  title={On the “resistance law” of a turbulent Ekman layer},
  author={Csanady, GT},
  journal={Journal of Atmospheric Sciences},
  volume={24},
  number={5},
  pages={467--471},
  year={1967}
}
@article{davidson2009large,
  title={Large eddy simulations: how to evaluate resolution},
  author={Davidson, Lars},
  journal={Int J Heat Fluid Flow},
  volume={30},
  number={5},
  pages={1016--1025},
  year={2009},
  publisher={Elsevier}
}
@article{deardorff1980stratocumulus,
  title={Stratocumulus-capped mixed layers derived from a three-dimensional model},
  author={Deardorff, James W},
  journal={Boundary-Layer Meteorology},
  volume={18},
  number={4},
  pages={495--527},
  year={1980},
  publisher={Springer}
}
@article{dennis2011experimental,
  title={Experimental measurement of large-scale three-dimensional structures in a turbulent boundary layer. Part 2. Long structures},
  author={Dennis, David JC and Nickels, Timothy B},
  journal={J Fluid Mech},
  volume={673},
  pages={218--244},
  year={2011},
  publisher={Cambridge University Press}
}
@article{dorenkamper2015impact,
  title={The impact of stable atmospheric boundary layers on wind-turbine wakes within offshore wind farms},
  author={D{\"o}renk{\"a}mper, Martin and Witha, Bj{\"o}rn and Steinfeld, Gerald and Heinemann, Detlev and K{\"u}hn, Martin},
  journal={J Wind Eng Ind Aerodyn},
  volume={144},
  pages={146--153},
  year={2015},
  publisher={Elsevier}
}
@article{ekman1905influence,
  title={On the influence of the earth's rotation on ocean-currents.},
  author={Ekman, Vagn Walfrid},
  year={1905},
  publisher={Almqvist \& Wiksells boktryckeri, A.-B.,}
}
@inproceedings{esau2004parameterization,
  title={Parameterization of a surface drag coefficient in conventionally neutral planetary boundary layer},
  author={Esau, IN},
  booktitle={Ann Geophys},
  volume={22},
  number={10},
  pages={3353--3362},
  year={2004}
}
@article{esau2004simulation,
  title={Simulation of Ekman boundary layers by large eddy model with dynamic mixed subfilter closure},
  author={Esau, I},
  journal={Environmental Fluid Mechanics},
  volume={4},
  number={3},
  pages={273--303},
  year={2004},
  publisher={Springer}
}
@article{fedorovich2004convective,
  title={Convective entrainment into a shear-free, linearly stratified atmosphere: Bulk models reevaluated through large eddy simulations},
  author={Fedorovich, Evgeni and Conzemius, Robert and Mironov, Dmitrii},
  journal={Journal of the atmospheric sciences},
  volume={61},
  number={3},
  pages={281--295},
  year={2004},
  publisher={American Meteorological Society}
}
@article{gant2010reliability,
  title={Reliability issues of LES-related approaches in an industrial context},
  author={Gant, Simon E},
  journal={Flow Turbul Combust},
  volume={84},
  number={2},
  pages={325},
  year={2010},
  publisher={Springer}
}
@article{garcia2018predictive,
  title={Predictive large eddy simulations for urban flows: Challenges and opportunities},
  author={Garc{\'\i}a-S{\'a}nchez, C and van Beeck, J and Gorl{\'e}, C},
  journal={Building and Environment},
  volume={139},
  pages={146--156},
  year={2018},
  publisher={Elsevier}
}
@article{garratt1994atmospheric,
  title={The atmospheric boundary layer},
  author={Garratt, John Roy},
  journal={Earth-Sci Rev},
  volume={37},
  number={1-2},
  pages={89--134},
  year={1994},
  publisher={Elsevier}
}
@article{germano1991dynamic,
  title={A dynamic subgrid-scale eddy viscosity model},
  author={Germano, Massimo and Piomelli, Ugo and Moin, Parviz and Cabot, William H},
  journal={Phys Fluids A},
  volume={3},
  number={7},
  pages={1760--1765},
  year={1991},
  publisher={AIP}
}
@article{geurts2002framework,
  title={A framework for predicting accuracy limitations in large-eddy simulation},
  author={Geurts, Bernard J and Fr{\"o}hlich, Jochen},
  journal={Phys Fluids},
  volume={14},
  number={6},
  pages={L41--L44},
  year={2002},
  publisher={AIP}
}
@article{han2018large,
  title={Large-eddy simulation of reactive pollutant exchange at the top of a street canyon},
  author={Han, Beom-Soon and Baik, Jong-Jin and Kwak, Kyung-Hwan and Park, Seung-Bu},
  journal={Atmospheric Environment},
  volume={187},
  pages={381--389},
  year={2018},
  publisher={Elsevier}
}
@article{heinz2008realizability,
  title={Realizability of dynamic subgrid-scale stress models via stochastic analysis},
  author={Heinz, Stefan},
  journal={Monte Carlo Methods Appl},
  volume={14},
  number={4},
  pages={311--329},
  year={2008}
}
@article{heinz2012realizable,
  title={Realizable versus non-realizable dynamic subgrid-scale stress models},
  author={Heinz, Stefan and Gopalan, Harish},
  journal={Phys Fluids},
  volume={24},
  number={11},
  pages={115105},
  year={2012},
  publisher={AIP}
}
@article{hultmark2012turbulent,
  title={Turbulent pipe flow at extreme Reynolds numbers},
  author={Hultmark, Marcus and Vallikivi, Margit and Bailey, SCC and Smits, AJ},
  journal={Phys Rev Lett},
  volume={108},
  number={9},
  pages={094501},
  year={2012},
  publisher={APS}
}
@article{hutchins2007evidence,
  title={Evidence of very long meandering features in the logarithmic region of turbulent boundary layers},
  author={Hutchins, N and Marusic, Ivan},
  journal={J Fluid Mech},
  volume={579},
  pages={1--28},
  year={2007},
  publisher={Cambridge University Press}
}
@article{hutchins2011three,
  title={Three-dimensional conditional structure of a high-Reynolds-number turbulent boundary layer},
  author={Hutchins, N and Monty, JP and Ganapathisubramani, B and Ng, HCH and Marusic, I},
  journal={J Fluid Mech},
  volume={673},
  pages={255--285},
  year={2011},
  publisher={Cambridge University Press}
}
@article{jiang2018large,
  title={Large-eddy simulation study of log laws in a neutral Ekman boundary layer},
  author={Jiang, Qingfang and Wang, Shouping and Sullivan, Peter},
  journal={Journal of the Atmospheric Sciences},
  volume={75},
  number={6},
  pages={1873--1889},
  year={2018}
}
@article{jimenez2005large,
  title={Large-eddy simulations of the stable boundary layer using the standard Kolmogorov theory: Range of applicability},
  author={Jim{\'e}nez, MA and Cuxart, J},
  journal={Boundary-Layer Meteorol},
  volume={115},
  number={2},
  pages={241--261},
  year={2005},
  publisher={Springer}
}
@article{katul2016generalized,
  title={Generalized logarithmic scaling for high-order moments of the longitudinal velocity component explained by the random sweeping decorrelation hypothesis},
  author={Katul, Gabriel G and Banerjee, Tirtha and Cava, Daniela and Germano, Massimo and Porporato, Amilcare},
  journal={Phys Fluids},
  volume={28},
  number={9},
  pages={095104},
  year={2016},
  publisher={AIP Publishing}
}
@article{kawai2012wall,
  title={Wall-modeling in large eddy simulation: Length scales, grid resolution, and accuracy},
  author={Kawai, Soshi and Larsson, Johan},
  journal={Physics of fluids},
  volume={24},
  number={1},
  year={2012},
  publisher={AIP Publishing}
}
@article{kazemi2016dynamic,
  title={Dynamic large eddy simulations of the Ekman layer based on stochastic analysis},
  author={Kazemi, Ehsan and Heinz, Stefan},
  journal={International Journal of Nonlinear Sciences and Numerical Simulation},
  volume={17},
  number={2},
  pages={77--98},
  year={2016},
  publisher={De Gruyter}
}
@article{khanna1998three,
  title={Three-dimensional buoyancy-and shear-induced local structure of the atmospheric boundary layer},
  author={Khanna, Samir and Brasseur, James G},
  journal={J Atmos Sci},
  volume={55},
  number={5},
  pages={710--743},
  year={1998}
}
@article{klein2005attempt,
  title={An attempt to assess the quality of large eddy simulations in the context of implicit filtering},
  author={Klein, Markus},
  journal={Flow Turbul Combust},
  volume={75},
  number={1-4},
  pages={131--147},
  year={2005},
  publisher={Springer}
}
@inproceedings{kolmogorov1941dissipation,
  title={Dissipation of energy in the locally isotropic turbulence},
  author={Kolmogorov, Andrey Nikolaevich},
  booktitle={Dokl. Akad. Nauk SSSR A},
  volume={32},
  pages={16--18},
  year={1941}
}
@article{kosovic2000large,
  title={A large eddy simulation study of a quasi-steady, stably stratified atmospheric boundary layer},
  author={Kosovi{\'c}, Branko and Curry, Judith A},
  journal={J Atmos Sci},
  volume={57},
  number={8},
  pages={1052--1068},
  year={2000}
}
@book{kraus2008grundlagen,
  title={Grundlagen der Grenzschicht-Meteorologie: Einf{\"u}hrung in die Physik der atmosph{\"a}rischen Grenzschicht und in die Mikrometeorologie},
  author={Kraus, Helmut},
  year={2008},
  publisher={Springer}
}
@article{letzel2003large,
  title={Large eddy simulation of thermally induced oscillations in the convective boundary layer},
  author={Letzel, Marcus Oliver and Raasch, Siegfried},
  journal={J Atmos Sci},
  volume={60},
  number={18},
  pages={2328--2341},
  year={2003}
}
@article{letzel2008high,
  title={High resolution urban large-eddy simulation studies from street canyon to neighbourhood scale},
  author={Letzel, Marcus Oliver and Krane, Martina and Raasch, Siegfried},
  journal={Atmos Environ},
  volume={42},
  number={38},
  pages={8770--8784},
  year={2008},
  publisher={Elsevier}
}
@article{lilly1966instability,
  title={On the instability of Ekman boundary flow},
  author={Lilly, Douglas K},
  journal={Journal of Atmospheric Sciences},
  volume={23},
  number={5},
  pages={481--494},
  year={1966}
}
@article{lu2011large,
  title={Large-eddy simulation of a very large wind farm in a stable atmospheric boundary layer},
  author={Lu, Hao and Port{\'e}-Agel, Fernando},
  journal={Phys Fluids},
  volume={23},
  number={6},
  pages={065101},
  year={2011},
  publisher={AIP}
}
@article{ludwig2009effect,
  title={Effect of turbulence models and spatial resolution on resolved velocity structure and momentum fluxes in large-eddy simulations of neutral boundary layer flow},
  author={Ludwig, Francis L and Chow, Fotini Katopodes and Street, Robert L},
  journal={J Appl Meteorol Clim},
  volume={48},
  number={6},
  pages={1161--1180},
  year={2009}
}
@article{mason1992stochastic,
  title={Stochastic backscatter in large-eddy simulations of boundary layers},
  author={Mason, Paul J and Thomson, David J},
  journal={Journal of Fluid Mechanics},
  volume={242},
  pages={51--78},
  year={1992},
  publisher={Cambridge University Press}
}
@article{maronga2014monin,
  title={Monin--Obukhov similarity functions for the structure parameters of temperature and humidity in the unstable surface layer: Results from high-resolution large-eddy simulations},
  author={Maronga, Bj{\"o}rn},
  journal={Journal of the Atmospheric Sciences},
  volume={71},
  number={2},
  pages={716--733},
  year={2014},
  publisher={American Meteorological Society}
}
@article{maronga2015parallelized,
  title={The Parallelized Large-Eddy Simulation Model (PALM) version 4.0 for atmospheric and oceanic flows: model formulation, recent developments, and future perspectives},
  author={Maronga, Bj{\"o}rn and Gryschka, Micha and Heinze, Rieke and Hoffmann, Fabian and Kanani-S{\"u}hring, Farah and Keck, Marius and Ketelsen, K and Letzel, MO and S{\"u}hring, Matthias and Raasch, Siegfried},
  journal={Geosci Model Dev Discuss 8 (2015), Nr. 2, S. 1539-1637},
  year={2015},
  publisher={G{\"o}ttingen: Copernicus}
}
@article{maronga2017formulation,
  title={On the formulation and universality of Monin--Obukhov similarity functions for mean gradients and standard deviations in the unstable surface layer: Results from surface-layer-resolving large-eddy simulations},
  author={Maronga, Bj{\"o}rn and Reuder, Joachim},
  journal={Journal of the Atmospheric Sciences},
  volume={74},
  number={4},
  pages={989--1010},
  year={2017},
  publisher={American Meteorological Society}
}
@article{maronga2020overview,
  title={Overview of the PALM model system 6.0},
  author={Maronga, Bj{\"o}rn and Banzhaf, Sabine and Burmeister, Cornelia and Esch, Thomas and Forkel, Renate and Fr{\"o}hlich, Dominik and Fuka, Vladimir and Gehrke, Katrin Frieda and Geleti{\v{c}}, Jan and Giersch, Sebastian and others},
  journal={Geoscientific Model Development},
  volume={13},
  number={3},
  pages={1335--1372},
  year={2020},
  publisher={Copernicus GmbH}
}
@article{maronga2020improved,
  title={An improved surface boundary condition for large-eddy simulations based on Monin--Obukhov similarity theory: evaluation and consequences for grid convergence in neutral and stable conditions},
  author={Maronga, Bj{\"o}rn and Knigge, Christoph and Raasch, Siegfried},
  journal={Boundary-Layer Meteorology},
  volume={174},
  number={2},
  pages={297--325},
  year={2020},
  publisher={Springer}
}
@article{marusic2003streamwise,
  title={Streamwise turbulence intensity formulation for flat-plate boundary layers},
  author={Marusic, Ivan and Kunkel, Gary J},
  journal={Phys Fluids},
  volume={15},
  number={8},
  pages={2461--2464},
  year={2003},
  publisher={AIP}
}
@article{marusic2008study,
  title={Study of the log-layer structure in wall turbulence over a very large range of Reynolds number},
  author={Marusic, Ivan and Hutchins, Nicholas},
  journal={Flow Turbul Combust},
  volume={81},
  number={1-2},
  pages={115--130},
  year={2008},
  publisher={Springer}
}
@article{marusic2013logarithmic,
  title={On the logarithmic region in wall turbulence},
  author={Marusic, Ivan and Monty, Jason P and Hultmark, Marcus and Smits, Alexander J},
  journal={J Fluid Mech},
  volume={716},
  year={2013},
  publisher={Cambridge University Press}
}
@article{mason1994large,
  title={Large-eddy simulation: A critical review of the technique},
  author={Mason, Paul J},
  journal={Q J R Meteorol Soc},
  volume={120},
  number={515},
  pages={1--26},
  year={1994},
  publisher={Wiley Online Library}
}
@article{matheou2014large,
  title={Large-eddy simulation of stratified turbulence. Part II: Application of the stretched-vortex model to the atmospheric boundary layer},
  author={Matheou, Georgios and Chung, Daniel},
  journal={J Atmos Sci},
  volume={71},
  number={12},
  pages={4439--4460},
  year={2014}
}
@article{meeder2000large,
  title={Large-eddy simulation of the turbulent dispersion of a reactive plume from a point source into a neutral atmospheric boundary layer},
  author={Meeder, JP and Nieuwstadt, FTM},
  journal={Atmos Environ},
  volume={34},
  number={21},
  pages={3563--3573},
  year={2000},
  publisher={Elsevier}
}
@article{meneveau2013generalized,
  title={Generalized logarithmic law for high-order moments in turbulent boundary layers},
  author={Meneveau, Charles and Marusic, Ivan},
  journal={J Fluid Mech},
  volume={719},
  year={2013},
  publisher={Cambridge University Press}
}
@article{mehta2014large,
  title={Large Eddy Simulation of wind farm aerodynamics: A review},
  author={Mehta, D and Van Zuijlen, AH and Koren, B and Holierhoek, JG and Bijl, H},
  journal={Journal of Wind Engineering and Industrial Aerodynamics},
  volume={133},
  pages={1--17},
  year={2014},
  publisher={Elsevier}
}
@article{meyers2007computational,
  title={A computational error-assessment of central finite-volume discretizations in large-eddy simulation using a Smagorinsky model},
  author={Meyers, Johan and Geurts, Bernard J and Sagaut, Pierre},
  journal={J Comput Phys},
  volume={227},
  number={1},
  pages={156--173},
  year={2007},
  publisher={Elsevier}
}
@article{moeng1994comparison,
  title={A comparison of shear-and buoyancy-driven planetary boundary layer flows},
  author={Moeng, Chin-Hoh and Sullivan, Peter P},
  journal={J Atmos Sci},
  volume={51},
  number={7},
  pages={999--1022},
  year={1994}
}
@article{mokhtarpoor2017dynamic,
  title={Dynamic large eddy simulation: Stability via realizability},
  author={Mokhtarpoor, Reza and Heinz, Stefan},
  journal={Phys Fluids},
  volume={29},
  number={10},
  pages={105104},
  year={2017},
  publisher={AIP Publishing}
}
@article{munters2016shifted,
  title={Shifted periodic boundary conditions for simulations of wall-bounded turbulent flows},
  author={Munters, Wim and Meneveau, Charles and Meyers, Johan},
  journal={Physics of Fluids},
  volume={28},
  number={2},
  year={2016},
  publisher={AIP Publishing}
}
@article{noh2003improvement,
  title={Improvement of the K-profile model for the planetary boundary layer based on large eddy simulation data},
  author={Noh, Ying and Cheon, WG and Hong, SY and Raasch, S},
  journal={Boundary-Layer Meteorol},
  volume={107},
  number={2},
  pages={401--427},
  year={2003},
  publisher={Springer}
}
@article{noh2010examination,
  title={Examination of the mixed layer deepening process during convection using LES},
  author={Noh, Yign and Goh, Gahyun and Raasch, Siegfried},
  journal={J Phys Oceanogr},
  volume={40},
  number={9},
  pages={2189--2195},
  year={2010}
}
@article{obukhov1941distribution,
  title={On the distribution of energy in the spectrum of turbulent flow},
  author={Obukhov, AM},
  journal={Bull. Acad. Sci. USSR, Geog. Geophys.},
  volume={5},
  pages={453--466},
  year={1941}
}
@article{optis2014moving,
  title={Moving beyond Monin--Obukhov similarity theory in modelling wind-speed profiles in the lower atmospheric boundary layer under stable stratification},
  author={Optis, Michael and Monahan, Adam and Bosveld, Fred C},
  journal={Boundary-layer meteorology},
  volume={153},
  number={3},
  pages={497--514},
  year={2014},
  publisher={Springer}
}
@article{park2012large,
  title={A large-eddy simulation study of thermal effects on turbulent flow and dispersion in and above a street canyon},
  author={Park, Seung-Bu and Baik, Jong-Jin and Raasch, Siegfried and Letzel, Marcus Oliver},
  journal={J Appl Meteorol Clim},
  volume={51},
  number={5},
  pages={829--841},
  year={2012}
}
@article{perry1982mechanism,
  title={On the mechanism of wall turbulence},
  author={Perry, AE and Chong, MS},
  journal={J Fluid Mech},
  volume={119},
  pages={173--217},
  year={1982},
  publisher={Cambridge University Press}
}
@article{piomelli2015grid,
  title={A grid-independent length scale for large-eddy simulations},
  author={Piomelli, Ugo and Rouhi, Amirreza and Geurts, Bernard J},
  journal={J Fluid Mech},
  volume={766},
  pages={499--527},
  year={2015},
  publisher={Cambridge University Press}
}
@article{pope2004ten,
  title={Ten questions concerning the large-eddy simulation of turbulent flows},
  author={Pope, Stephen B},
  journal={New J Phys},
  volume={6},
  number={1},
  pages={35},
  year={2004},
  publisher={IOP Publishing}
}
@article{porte2000scale,
  title={A scale-dependent dynamic model for large-eddy simulation: application to a neutral atmospheric boundary layer},
  author={Port{\'e}-Agel, Fernando and Meneveau, Charles and Parlange, Marc B},
  journal={J Fluid Mech},
  volume={415},
  pages={261--284},
  year={2000},
  publisher={Cambridge University Press}
}
@article{porte2011large,
  title={Large-eddy simulation of atmospheric boundary layer flow through wind turbines and wind farms},
  author={Port{\'e}-Agel, Fernando and Wu, Yu-Ting and Lu, Hao and Conzemius, Robert J},
  journal={J Wind Eng Ind Aerodyn},
  volume={99},
  number={4},
  pages={154--168},
  year={2011},
  publisher={Elsevier}
}
@article{shah2014very,
  title={Very-large-scale motions in the atmospheric boundary layer educed by snapshot proper orthogonal decomposition},
  author={Shah, Stimit and Bou-Zeid, Elie},
  journal={Boundary-layer meteorology},
  volume={153},
  number={3},
  pages={355--387},
  year={2014},
  publisher={Springer}
}
@article{smits2011high,
  title={High--Reynolds number wall turbulence},
  author={Smits, Alexander J and McKeon, Beverley J and Marusic, Ivan},
  journal={Ann Rev Fluid Mech},
  volume={43},
  year={2011}
}
@article{spalart1989theoretical,
  title={Theoretical and numerical study of a three-dimensional turbulent boundary layer},
  author={Spalart, Philippe R},
  journal={Journal of Fluid Mechanics},
  volume={205},
  pages={319--340},
  year={1989},
  publisher={Cambridge University Press}
}
@article{spalart2008direct,
  title={Direct numerical simulation of the Ekman layer: A step in Reynolds number, and cautious support for a log law with a shifted origin},
  author={Spalart, Philippe R and Coleman, Gary N and Johnstone, Roderick},
  journal={Physics of Fluids},
  volume={20},
  number={10},
  pages={101507},
  year={2008},
  publisher={American Institute of Physics}
}
@article{stevens2014large,
  title={Large-eddy simulation study of the logarithmic law for second-and higher-order moments in turbulent wall-bounded flow},
  author={Stevens, Richard JAM and Wilczek, Michael and Meneveau, Charles},
  journal={J Fluid Mech},
  volume={757},
  pages={888--907},
  year={2014},
  publisher={Cambridge University Press}
}
@article{stoll2008large,
  title={Large-eddy simulation of the stable atmospheric boundary layer using dynamic models with different averaging schemes},
  author={Stoll, Rob and Port{\'e}-Agel, Fernando},
  journal={Boundary-Layer Meteorol},
  volume={126},
  number={1},
  pages={1--28},
  year={2008},
  publisher={Springer}
}
@article{stoll2020large,
  title={Large-eddy simulation of the atmospheric boundary layer},
  author={Stoll, Rob and Gibbs, Jeremy A and Salesky, Scott T and Anderson, William and Calaf, Marc},
  journal={Boundary-Layer Meteorology},
  volume={177},
  pages={541--581},
  year={2020},
  publisher={Springer}
}
@article{sullivan1998structure,
  title={Structure of the entrainment zone capping the convective atmospheric boundary layer},
  author={Sullivan, Peter P and Moeng, Chin-Hoh and Stevens, Bjorn and Lenschow, Donald H and Mayor, Shane D},
  journal={J Atmos Sci},
  volume={55},
  number={19},
  pages={3042--3064},
  year={1998}
}
@article{sullivan2011effect,
  title={The effect of mesh resolution on convective boundary layer statistics and structures generated by large-eddy simulation},
  author={Sullivan, Peter P and Patton, Edward G},
  journal={J Atmos Sci},
  volume={68},
  number={10},
  pages={2395--2415},
  year={2011}
}
@article{tennekes1973logarithmic,
  title={The logarithmic wind profile},
  author={Tennekes, H},
  journal={Journal of the Atmospheric Sciences},
  volume={30},
  number={2},
  pages={234--238},
  year={1973}
}
@book{townsend1980structure,
  title={The structure of turbulent shear flow},
  author={Townsend, Albert A},
  year={1980},
  publisher={Cambridge university press}
}
@inproceedings{vollmer2015first,
  title={First comparison of LES of an offshore wind turbine wake with dual-Doppler lidar measurements in a German offshore wind farm},
  author={Vollmer, L and van Dooren, M and Trabucchi, D and Schneemann, J and Steinfeld, G and Witha, B and Trujillo, J and K{\"u}hn, M},
  booktitle={J Phys Conf Ser},
  volume={625},
  number={1},
  pages={012001},
  year={2015},
  organization={IOP Publishing}
}
@article{wicker2002time,
  title={Time-splitting methods for elastic models using forward time schemes},
  author={Wicker, Louis J and Skamarock, William C},
  journal={Mon Weather Rev},
  volume={130},
  number={8},
  pages={2088--2097},
  year={2002}
}
@inproceedings{witha2014large,
  title={Large-eddy simulation of multiple wakes in offshore wind farms},
  author={Witha, Bj{\"o}rn and Steinfeld, G and D{\"o}renk{\"a}mper, M and Heinemann, D},
  booktitle={J Phys Conf Ser},
  volume={555},
  number={1},
  pages={012108},
  year={2014},
  organization={IOP Publishing}
}
@article{wurps2020grid,
  title={Grid-resolution requirements for large-eddy simulations of the atmospheric boundary layer},
  author={Wurps, Hauke and Steinfeld, Gerald and Heinz, Stefan},
  journal={Boundary-Layer Meteorology},
  volume={175},
  number={2},
  pages={179--201},
  year={2020},
  publisher={Springer}
}
@article{xiao2014dynamic,
  title={Dynamic evaluation of mesh resolution and its application in hybrid LES/RANS methods},
  author={Xiao, Heng and Wang, Jianxun and Jenny, Patrick},
  journal={Flow Turbul Combust},
  volume={93},
  number={1},
  pages={141--170},
  year={2014},
  publisher={Springer}
}
