%% This BibTeX bibliography file was created using BibDesk.
%% http://bibdesk.sourceforge.net/

%% Created for Charlotte Wainwright at 2018-02-12 12:24:13 -0500 


%% Saved with string encoding Unicode (UTF-8) 


@string{aa = {Astronautica Acta}}

@string{aas = {Adv. Atmos. Sci.}}

@string{acp = {Atmos. Chem. Phys.}}

@string{ag = {Adv. Geophys.}}

@string{aiaa = {AIAA J.}}

@string{aj = {Astrophys. J.}}

@string{ajp = {Aust. J. Phys.}}

@string{ams = {Am. Meteorol. Soc.}}

@string{anngeo = {Ann. Geophys.}}

@string{ao = {Appl. Opt.}}

@string{arfm = {Ann. Rev. Fluid Mech.}}

@string{aseejee = {ASEE J. Eng. Ed.}}

@string{asr = {Adv. Space Res.}}

@string{atmm = {Atmos. Turb. Mesoscale Meteorol.}}

@string{bams = {Bull. Amer. Meteorol. Soc.}}

@string{blm = {Boundary-Layer Meteorol.}}

@string{cjp = {Can. J. Phys.}}

@string{emp = {Earth, Moon, Planets}}

@string{eps = {Earth Planets Space}}

@string{gafd = {Geophys. Astrophys. Fluid Dynam.}}

@string{gfd = {Geophys. Fluid Dynam.}}

@string{gm = {Geophys. Monograph}}

@string{gp = {Geofys. Publ.}}

@string{grl = {Geophys. Res. Lett.}}

@string{ieeetrans = {IEEE Trans.}}

@string{ieeetransap = {IEEE Trans. Anten. Prop.}}

@string{ieeetransed = {IEEE Trans. Educ.}}

@string{ieeetransge = {IEEE Trans. Geosci. Electron.}}

@string{ieeetransrs = {IEEE Trans. Geosci. Remote Sens.}}

@string{jam = {J. Appl. Meteorol.}}

@string{jamc = {J. Appl. Meteorol. Climat.}}

@string{jas = {J. Atmos. Sci.}}

@string{jastp = {J. Atmos. Sol. Terr. Phys.}}

@string{jatp = {J. Atmos. Terr. Phys.}}

@string{jcam = {J. Climate Appl. Meteorol.}}

@string{jee = {J. Eng. Ed.}}

@string{jfm = {J. Fluid Mech.}}

@string{jg = {J. Geophysics}}

@string{jgg = {J. Geomag. Geoelectr.}}

@string{jgr = {J. Geophys. Res.}}

@string{jm = {J. Meteorol.}}

@string{jmsj = {J. Met. Soc. Japan}}

@string{jpo = {J. Phys. Ocean.}}

@string{jtech = {J. Atmos. Ocean. Tech.}}

@string{mas = {Meteorol. Atmos. Phys.}}

@string{metap = {Meteorol. Atm. Phys.}}

@string{metmag = {Meteorol. Mag.}}

@string{metzeit = {Meteorol. Z.}}

@string{mnras = {Mon. Not. Roy. Astr. Soc.}}

@string{mwr = {Mon. Wea. Rev.}}

@string{nature = {Nature}}

@string{oe = {Opt. Eng.}}

@string{pag = {Pure Appl. Geophys.}}

@string{pageoph = {PAGEOPH}}

@string{philmag = {Phil. Mag.}}

@string{pps = {Proc. Phys. Soc.}}

@string{pr = {Phys. Rev.}}

@string{prociee = {Proc. Instn. Elect. Engrs.}}

@string{procieee = {Proc. IEEE}}

@string{prs = {Proc. Roy. Soc.}}

@string{prsa = {Proc. Roy. Soc., Ser. A.}}

@string{prsl = {Proc. Roy. Soc. London}}

@string{prslsa = {Proc. Roy. Soc. London Ser. A.}}

@string{ps = {Phys. Scripta}}

@string{pss = {Planet. Space Sci.}}

@string{pt = {Physics Today}}

@string{ptrsl = {Phil. Trans. R. Soc. Lond.}}

@string{qjrms = {Q. J. R. Meteorol. Soc.}}

@string{radsci = {Radio Sci.}}

@string{revgeo = {Rev. Geophys. Space Phys.}}

@string{science = {Science}}

@string{ssr = {Space Sci. Rev.}}

@string{tellus = {Tellus}}

@string{tpf = {Phys. Fluids}}

@string{wrr = {Water Res. Research}}


@techreport{Newsom++2015,
	Author = {R. K. Newsom and C. Sivaraman and T. Shippert and L. D. Riihimaki},
	Date-Added = {2018-02-12 17:22:47 +0000},
	Date-Modified = {2018-02-12 17:24:10 +0000},
	Institution = {DOE ARM Climate Research Facility},
	Number = {DOE/SC-ARM/TR-149},
	Title = {Doppler lidar vertical velocity statistics value-added product},
	Year = {2015}}

@phdthesis{Salesky2014,
	Author = {Scott T. Salesky},
	Date-Added = {2018-02-12 17:21:32 +0000},
	Date-Modified = {2018-02-12 17:22:33 +0000},
	School = {The Pennsylvania State University, Pennsylvania, USA},
	Title = {Monin--{O}bukhov similarity and convective organization in the unstable atmospheric boundary layer},
	Year = {2014}}

@article{Beljaars+1990,
	Author = {A. C. M. Beljaars and A. A. M. Holtslag},
	Date-Added = {2018-02-12 17:00:49 +0000},
	Date-Modified = {2018-02-12 17:02:00 +0000},
	Journal = {Environ Softw},
	Number = {2},
	Pages = {60--68},
	Title = {A software library for the calculation of surface fluxes over land and sea},
	Volume = {5},
	Year = {1990}}

@article{Beljaars+1991,
	Author = {A. C. M. Beljaars and A. A. M. Holtslag},
	Date-Added = {2018-02-12 16:58:22 +0000},
	Date-Modified = {2018-02-12 17:00:23 +0000},
	Journal = {J Appl Meteorol},
	Number = {3},
	Pages = {327--341},
	Title = {Flux parameterization over land surfaces for atmospheric models},
	Volume = {30},
	Year = {1991}}

@conference{Marusic++2011,
	Author = {I. Marusic and R. Mathis and N. Hutchins},
	Booktitle = {Journal of Physics conference series. Proceedings of the 13th European turbulence conference, Warsaw, Poland 318:012003},
	Date-Added = {2016-01-19 11:17:13 +0000},
	Date-Modified = {2016-01-19 11:18:01 +0000},
	Title = {A wall-shear stress predictive model},
	Year = {2011}}

@inproceedings{Kaimal1979,
	Author = {Kaimal, J. C.},
	Booktitle = {Proceedings of the dynamic flow conference, Skovlunde. DISA Electronic A/S, pp 551--565},
	Date-Added = {2016-01-19 11:16:19 +0000},
	Date-Modified = {2016-01-19 11:17:05 +0000},
	Title = {Sonic anemometer measurement of atmospheric turbulence},
	Year = {1979}}

@phdthesis{Fedorovich1986,
	Author = {E. Fedorovich},
	Date-Added = {2016-01-19 11:15:39 +0000},
	Date-Modified = {2016-01-19 11:16:16 +0000},
	School = {Voeikov Main Geophysical Observatory, Leningrad, USSR},
	Title = {Numerical modelling of atmospheric boundary layer flow over topography elements},
	Year = {1986}}

@conference{Batchvarova+2003,
	Author = {E. Batchvarova and S. E. Gryning},
	Booktitle = {{NATO advanced workshop on air pollution processes in regional scale, 13--15 June 2003, Kallithea. Halkidiki, Greece, pp 21--29}},
	Date-Added = {2014-09-18 16:38:49 +0000},
	Date-Modified = {2016-01-19 11:25:21 +0000},
	Title = {Use of {R}ichardson number methods in regional models to calculate the mixed-layer height},
	Year = {2003}}

@incollection{Wyngaard2004,
	Author = {J. C. Wyngaard},
	Booktitle = {Atmospheric turbulence and mesoscale meteorology},
	Date-Added = {2014-09-18 16:34:59 +0000},
	Date-Modified = {2014-09-18 16:38:05 +0000},
	Editor = {E. Fedorovich and R. Rotunno and B. Stevens},
	Publisher = {Cambridge University Press, Cambridge, pp 17--34},
	Title = {Changing the face of small-scale meteorology},
	Year = {2004}}

@book{Garratt1994,
	Author = {J. R. Garratt},
	Date-Added = {2014-09-18 16:29:19 +0000},
	Date-Modified = {2014-09-18 16:34:07 +0000},
	Pages = {316},
	Publisher = {Cambridge University Press, Cambridge, UK},
	Title = {The atmospheric boundary layer},
	Year = {1994}}

@article{Mason+1987,
	Author = {P. J. Mason and D. J. Thomson},
	Date-Added = {2014-09-18 16:21:30 +0000},
	Date-Modified = {2014-09-18 16:55:06 +0000},
	Journal = {Q. J. R. Meteorol. Soc.},
	Pages = {413-433},
	Title = {Large-eddy simulations of the neutral-static-stability planetary boundary layer},
	Volume = {113},
	Year = {1987}}
